@MISC{Phillips,
AUTHOR = {Phillips,Paul},
TITLE = {Overview of the face recognition grand challenge, in Proc. IEEE Comput. Soc. Conf. Comput. Vis. Pattern Recognit. (CVPR), vol. 1. San Diego, CA, USA, 2005, pp. 947 to 954.},
month = {},
YEAR = {2005},
}

@MISC{Sharifi,
	AUTHOR = {Sharifi, A.},
	TITLE = {How accurate is model planning for orthognathic
	surgery? Int J. Oral Max. Surg., vol. 37, no. 12, pp. 1089 to 1093},
	month = {},
	YEAR = {2008},
}

@MISC{Popat,
	AUTHOR = {H. Popat},
	TITLE = {A geometric morphometric approach to the analysis of lip shape during
	speech: Development of a clinical outcome measure PLoS ONE, vol. 8,
	no. 2, p. e57368 },
	month = {},
	YEAR = {2013},
}

@MISC{Sukno,
	AUTHOR = {Federico M. Sukno},
	TITLE = {3-D Facial Landmark Localization With Asymmetry Patterns and Shape Regression from Incomplete Local Features},
	month = {September},
	YEAR = {2015},
}


@MISC{Geierhos,
	AUTHOR = {Michaela, Geierhos and Frederik, S. Baumer and Sabine, Schulze and Valentina, Stub},
	TITLE = {Filtering Reviews by Random Individual Error},
	month = {},
	YEAR = {2015},
}

@MISC{Mukherjee,
	AUTHOR = {Mukherjee, A and Venkataraman, V and Liu, B and Glance, N},
	TITLE = {Fake review detection Classification and analysis of real and pseudo reviews Tech. rep., University of Illinois at Chicago},
	month = {},
	YEAR = {2013},
}

@MISC{Kandananond,
	AUTHOR = {Karin Kandananond},
	TITLE = {The Regulation of Steam Pressure in a Drum Boiler by Neural Network and System Identification Technique},
	month = {},
	YEAR = {2015},
}

@MISC{Vasickaninova,
	AUTHOR = {Vasickaninova, A., and Bakosova, M., and Meszaros, A., and Klemes, J. J.},
	TITLE = {Neural Network Predictive
	Control of A Heat Exchange. Appl. Therm. Eng. 31, 2094 to 2100},
	month = {},
	YEAR = {2011},
}

@MISC{Wu,
	AUTHOR = {Wu, J.-D., and Tsai, Y.-J.},
	TITLE = {Speaker Identification System Using Empirical Mode Decomposition
	and An Artificial Neural Network. Expert Syst. Appl. 38, 6112 to 6117},
	month = {},
	YEAR = {2011},
}

@MISC{Panda,
	AUTHOR = {Renato, Panda and Bruno, Rocha and Rui, Pedro Paiva},
	TITLE = {Music Emotion Recognition With Standard And Melodic Audio Features },
	month = {},
	YEAR = {2015},
}

@MISC{Russell,
	AUTHOR = {Russell, J. A.},
	TITLE = {A circumplex model of affect. Journal of Personality and Social Psychology},
	month = {},
	YEAR = {1980},
}

@MISC{Liaw,
	AUTHOR = {Chishyan, Liaw and Wei-Hua, Wang and Ching-Tsorng, Tsai and Choa-Hui, Ko and Gorden, Hao},
	TITLE = {Evolving A Team In A First-Person Shooeter Game By Using A Genetic Algorithm},
	month = {},
	YEAR = {2013},
}

@MISC{Sipper,
	AUTHOR = {Sipper, M. and Y. Azaria, and A. Hauptman, and Y. Shichel.},
	TITLE = {Designing an evolutionary strategizing
	machine for game playing and beyond.  IEEE Transactions on Systems, Man, and Cybernetics Part C: Applications and Reviews 37, 583 to 593.},
	month = {},
	YEAR = {2007},
}

@MISC{Ranathunga,
	AUTHOR = {Surangika Ranathunga , Stephen Cranefield & Martin Purvis},
	TITLE = {IDENTIFYING EVENTS TAKING PLACE IN SECOND LIFE VIRTUAL ENVIRONMENTS, Applied
	Artificial Intelligence, 26:1 to 2, 137 to 181.},
	month = {},
	YEAR = {2012},
}

@MISC{Cranfield,
	AUTHOR = {Cranefield, S., and M. Winikoff},
	TITLE = {Verifying social expectations by model checking truncated paths.
	Journal of Logic and Computation 21: 1217 to 1256. Advance access},
	month = {},
	YEAR = {2011},
}


Verifying social expectations by model checking truncated paths.
Journal of Logic and Computation 21:1217â€“1256. Advance access, doi: 10.1093=logcom=exq055.

